@article{molecule,
  title={BIND: the biomolecular interaction network database},
  author={Bader, Gary D and Betel, Doron and Hogue, Christopher WV},
  journal={Nucleic acids research},
  volume={31},
  number={1},
  pages={248--250},
  year={2003},
  publisher={Oxford Univ Press}
}

@inproceedings{blogcatalog,
  title={Relational learning via latent social dimensions},
  author={Tang, Lei and Liu, Huan},
  booktitle={Proceedings of the 15th ACM SIGKDD Int. Conf. on Knowledge discovery and data mining},
  pages={817--826},
  year={2009},
  organization={ACM}
}

@article{juremotif,
  title={Higher-order organization of complex networks},
  author={Benson, Austin R and Gleich, David F and Leskovec, Jure},
  journal={Science},
  volume={353},
  number={6295},
  pages={163--166},
  year={2016},
  publisher={American Association for the Advancement of Science}
}

@article{netmotif,
  title={Network motifs: theory and experimental approaches},
  author={Alon, Uri},
  journal={Nat. Rev. Genetics},
  volume={8},
  number={6},
  pages={450--461},
  year={2007},
  publisher={Nature Publishing Group}
}

@inproceedings{node2vec,
  author = {Grover, Aditya and Leskovec, Jure},
  title = {node2vec: Scalable Feature Learning for Networks},
  booktitle = {Proceedings of the 22nd ACM SIGKDD Int. Conf. on Knowledge Discovery and Data Mining},
  year = {2016}
}

@article{adam,
  title={Adam: A method for stochastic optimization},
  author={Kingma, Diederik and Ba, Jimmy},
  journal={arXiv preprint arXiv:1412.6980},
  year={2014}
}


@article{brainnetheuvel,
  title={Exploring the brain network: a review on resting-state fMRI functional connectivity},
  author={Van Den Heuvel, Martijn P and Pol, Hilleke E Hulshoff},
  journal={European Neuropsychopharmacology},
  volume={20},
  number={8},
  pages={519--534},
  year={2010},
  publisher={Elsevier}
}

@article{motifdecrev,
  title={Current innovations and future challenges of network motif detection},
  author={Tran, Ngoc Tam L and Mohan, Sominder and Xu, Zhuoqing and Huang, Chun-Hsi},
  journal={Briefings in bioinformatics},
  pages={bbu021},
  year={2014},
  publisher={Oxford Univ Press}
}

@inproceedings{deepwalk,
  title={Deepwalk: Online learning of social representations},
  author={Perozzi, Bryan and Al-Rfou, Rami and Skiena, Steven},
  booktitle={Procs. of the 20th ACM SIGKDD Int. Conf. on Knowledge discovery and data mining},
  pages={701--710},
  year={2014},
  organization={ACM}}

@inproceedings{line,
  title={Line: Large-scale information network embedding},
  author={Tang, Jian and Qu, Meng and Wang, Mingzhe and Zhang, Ming and Yan, Jun and Mei, Qiaozhu},
  booktitle={Procs. of the 24th Int. Conf. on WWW},
  pages={1067--1077},
  year={2015}
}

@article{skipgram,
  title={Distributed representations of words and phrases and their compositionality},
  author={Mikolov, T and Dean, J},
  journal={Advances in neural information processing systems},
  year={2013}}

@inproceedings{nce,
  title={Noise-contrastive estimation: A new estimation principle for unnormalized statistical models.},
  author={Gutmann, Michael and Hyv{\"a}rinen, Aapo},
  booktitle={AISTATS},
  volume={1},
  pages={6},
  year={2010}
}

@inproceedings{grarep,
  title={Grarep: Learning graph representations with global structural information},
  author={Cao, Shaosheng and Lu, Wei and Xu, Qiongkai},
  booktitle={Procs. of the 24th ACM Int. Conf. on Information and Knowledge Management},
  pages={891--900},
  year={2015},
  organization={ACM}}

@inproceedings{eigmaps,
  title={Laplacian eigenmaps and spectral techniques for embedding and clustering.},
  author={Belkin, Mikhail and Niyogi, Partha},
  booktitle={NIPS},
  volume={14},
  pages={585--591},
  year={2001}}

@inproceedings{planetoid,
  title={Revisiting Semi-Supervised Learning with Graph Embeddings},
  author={Zhilin Yang and William W. Cohen and Ruslan Salakhutdinov},
  booktitle={Proc. of the 33rd Int. Conf. on Machine Learning},
  organization={ICML},
  year={2016}
}

@article{motifblockmilo,
   title={Network motifs: simple building blocks of complex networks},
   author={Milo, Ron and Shen-Orr, Shai and Itzkovitz, Shalev and Kashtan, Nadav and Chklovskii, Dmitri and Alon, Uri},
   journal={Science},
   volume={298},
   number={5594},
   pages={824--827},
   year={2002},
   publisher={American Association for the Advancement of Science}}

@inproceedings{hs,
   title={Hierarchical Probabilistic Neural Network Language Model.},
   author={Morin, F. and Bengio, Y.},
   booktitle={Aistats},
   volume={5},
   pages={246--252},
   year={2005},
   organization={Citeseer}}

@article{kaiser2006nonoptimal,
  title={Nonoptimal component placement, but short processing paths, due to long-distance projections in neural systems},
  author={Kaiser, Marcus and Hilgetag, Claus C},
  journal={PLoS Comput Biol},
  volume={2},
  number={7},
  pages={e95},
  year={2006},
  publisher={Public Library of Science}
}

@article{west2014exploiting,
  title={Exploiting social network structure for person-to-person sentiment analysis},
  author={West, Robert and Paskov, Hristo S and Leskovec, Jure and Potts, Christopher},
  journal={arXiv preprint arXiv:1409.2450},
  year={2014}
}

@article{barabasi2014network,
  title={Network science book},
  author={Barab{\'a}si, Albert-L{\'a}szl{\'o}},
  journal={Network Science},
  year={2014}
}

@article{wernicke2006efficient,
  title={Efficient detection of network motifs},
  author={Wernicke, Sebastian},
  journal={IEEE/ACM Trans. on Comp. Bio. \& Bioinform. (TCBB)},
  volume={3},
  number={4},
  pages={347--359},
  year={2006},
  publisher={IEEE Computer Society Press}
}

@article{callaway2000network,
  title={Network robustness and fragility: Percolation on random graphs},
  author={Callaway, Duncan S and Newman, Mark EJ and Strogatz, Steven H and Watts, Duncan J},
  journal={Phys. Rev. Let.},
  volume={85},
  number={25},
  pages={5468},
  year={2000},
  publisher={APS}
}

@book{physicnet,
  title={Networks: an introduction},
  author={Newman, Mark},
  year={2010},
  publisher={Oxford university press}
}

@article{mangan2003structure,
  title={Structure and function of the feed-forward loop network motif},
  author={Mangan, Shmoolik and Alon, Uri},
  journal={Procs. of the Nat. Acad. of Sci.},
  volume={100},
  number={21},
  pages={11980--11985},
  year={2003},
  publisher={Nat. Acad Sci.}
}

@article{honey2007network,
  title={Network structure of cerebral cortex shapes functional connectivity on multiple time scales},
  author={Honey, Christopher J and K{\"o}tter, Rolf and Breakspear, Michael and Sporns, Olaf},
  journal={Procs. of the Nat. Acad. of Sci.},
  volume={104},
  number={24},
  pages={10240--10245},
  year={2007},
  publisher={Nat. Acad Sci.}
}

@article{gcn,
  title={Semi-Supervised Classification with Graph Convolutional Networks},
  author={Kipf, Thomas N and Welling, Max},
  journal={arXiv:1609.02907},
  year={2016}
}

@article{shuman2013emerging,
  title={The emerging field of signal processing on graphs: Extending high-dimensional data analysis to networks and other irregular domains},
  author={Shuman, David I and Narang, Sunil K and Frossard, Pascal and Ortega, Antonio and Vandergheynst, Pierre},
  journal={IEEE Signal Processing Magazine},
  volume={30},
  number={3},
  pages={83--98},
  year={2013},
  publisher={IEEE}
}

@inproceedings{defferrard2016convolutional,
  title={Convolutional neural networks on graphs with fast localized spectral filtering},
  author={Defferrard, Micha{\"e}l and Bresson, Xavier and Vandergheynst, Pierre},
  booktitle={Advances in Neural Information Processing Systems},
  pages={3837--3845},
  year={2016}
}

@article{kipf2016variational,
  title={Variational Graph Auto-Encoders},
  author={Kipf, Thomas N and Welling, Max},
  journal={arXiv preprint arXiv:1611.07308},
  year={2016}
}

@article{hammond2011wavelets,
  title={Wavelets on graphs via spectral graph theory},
  author={Hammond, David K and Vandergheynst, Pierre and Gribonval, R{\'e}mi},
  journal={Applied and Computational Harmonic Analysis},
  volume={30},
  number={2},
  pages={129--150},
  year={2011},
  publisher={Elsevier}
}

@article{varauto,
  title={Auto-encoding variational bayes},
  author={Kingma, Diederik P and Welling, Max},
  journal={arXiv preprint arXiv:1312.6114},
  year={2013}
}

@inproceedings{levy2014neural,
  title={Neural word embedding as implicit matrix factorization},
  author={Levy, Omer and Goldberg, Yoav},
  booktitle={Advances in neural information processing systems},
  pages={2177--2185},
  year={2014}
}

@incollection{weston2012deep,
  title={Deep learning via semi-supervised embedding},
  author={Weston, Jason and Ratle, Fr{\'e}d{\'e}ric and Mobahi, Hossein and Collobert, Ronan},
  booktitle={Neural Networks: Tricks of the Trade},
  pages={639--655},
  year={2012},
  publisher={Springer}
}

@inproceedings{nell,
  title={Toward an Architecture for Never-Ending Language Learning.},
  author={Carlson, Andrew and Betteridge, Justin and Kisiel, Bryan and Settles, Burr and Hruschka Jr, Estevam R and Mitchell, Tom M},
  booktitle={AAAI},
  volume={5},
  pages={3},
  year={2010}
}

@article{crp,
  title={Collective classification in network data},
  author={Sen, Prithviraj and Namata, Galileo and Bilgic, Mustafa and Getoor, Lise and Galligher, Brian and Eliassi-Rad, Tina},
  journal={AI magazine},
  volume={29},
  number={3},
  pages={93},
  year={2008}
}
