@inproceedings{deepwalk,
  title={Deepwalk: Online learning of social representations},
  author={Perozzi, Bryan and Al-Rfou, Rami and Skiena, Steven},
  booktitle={Proceedings of the 20th ACM SIGKDD international conference on Knowledge discovery and data mining},
  pages={701--710},
  year={2014},
  organization={ACM}}

@inproceedings{line,

  title={Line: Large-scale information network embedding},
  author={Tang, Jian and Qu, Meng and Wang, Mingzhe and Zhang, Ming and Yan, Jun and Mei, Qiaozhu},
  booktitle={Proceedings of the 24th International Conference on World Wide Web},
  pages={1067--1077},
  year={2015},
  organization={ACM}}

@article{tsne,
  title={Visualizing data using t-SNE},
  author={Maaten, Laurens van der and Hinton, Geoffrey},
  journal={Journal of Machine Learning Research},
  volume={9},
  number={Nov},
  pages={2579--2605},
  year={2008}}

@article{w2v,
  title={Distributed representations of words and phrases and their compositionality},
  author={Mikolov, T and Dean, J},
  journal={Advances in neural information processing systems},
  year={2013}}

@inproceedings{nce,
  title={Noise-contrastive estimation: A new estimation principle for unnormalized statistical models.},
  author={Gutmann, Michael and Hyv{\"a}rinen, Aapo},
  booktitle={AISTATS},
  volume={1},
  number={2},
  pages={6},
  year={2010}}

@article{bengio2013representation,
  title={Representation learning: A review and new perspectives},
  author={Bengio, Yoshua and Courville, Aaron and Vincent, Pascal},
  journal={IEEE transactions on pattern analysis and machine intelligence},
  volume={35},
  number={8},
  pages={1798--1828},
  year={2013},
  publisher={IEEE}}

@inproceedings{levy2014neural,
  title={Neural word embedding as implicit matrix factorization},
  author={Levy, Omer and Goldberg, Yoav},
  booktitle={Advances in neural information processing systems},
  pages={2177--2185},
  year={2014}}

@inproceedings{cao2015grarep,
  title={Grarep: Learning graph representations with global structural information},
  author={Cao, Shaosheng and Lu, Wei and Xu, Qiongkai},
  booktitle={Proceedings of the 24th ACM International on Conference on Information and Knowledge Management},
  pages={891--900},
  year={2015},
  organization={ACM}}

@inproceedings{carreira2015fast,
  title={A fast, universal algorithm to learn parametric nonlinear embeddings},
  author={Carreira-Perpin{\'a}n, Miguel A and Vladymyrov, Max},
  booktitle={Advances in Neural Information Processing Systems},
  pages={253--261},
  year={2015}}

@inproceedings{belkin2001laplacian,
  title={Laplacian eigenmaps and spectral techniques for embedding and clustering.},
  author={Belkin, Mikhail and Niyogi, Partha},
  booktitle={NIPS},
  volume={14},
  pages={585--591},
  year={2001}}

@inproceedings{le2014distributed,
  title={Distributed Representations of Sentences and Documents.},
  author={Le, Quoc V and Mikolov, Tomas},
  booktitle={ICML},
  volume={14},
  pages={1188--1196},
  year={2014}}

@inproceedings{deepgraphkernels,
  title={Deep graph kernels},
  author={Yanardag, Pinar and Vishwanathan, SVN},
  booktitle={Proceedings of the 21th ACM SIGKDD International Conference on Knowledge Discovery and Data Mining},
  pages={1365--1374},
  year={2015},
  organization={ACM}}

@inproceedings{pte,
  title={Pte: Predictive text embedding through large-scale heterogeneous text networks},
  author={Tang, Jian and Qu, Meng and Mei, Qiaozhu},
  booktitle={Proceedings of the 21th ACM SIGKDD International Conference on Knowledge Discovery and Data Mining},
  pages={1165--1174},
  year={2015},
  organization={ACM}}

@inproceedings{platenoid,
  title={Revisiting Semi-Supervised Learning with Graph Embeddings},
  author={Zhilin Yang and William W. Cohen and Ruslan Salakhutdinov},
  booktitle={Proceedings of the 33rd International Conference on Machine Learning},
  year={2016},
  organization={ICML}}
